@misc{RefWorks:doc:5b6c7f6ce4b0e4e15164ab1a,
	title={ZA5900: International Social Survey Programme: Family and Changing Gender Roles IV - ISSP 2012 - data ja dokumentaatio (selattava versio)<br>},
	url={https://zacat.gesis.org/webview/index.jsp?object=http://zacat.gesis.org/obj/fStudy/ZA5900}
}
@misc{RefWorks:doc:5b6c7debe4b0e4e15164ab00,
	year={2016},
	title={ZA5900: International Social Survey Programme: Family and Changing Gender Roles IV - ISSP 2012},
	volume={2018},
	number={9.8.},
	note={ISSP Research Group (2016): International Social Survey Programme: Family and Changing Gender Roles IV - ISSP 2012. GESIS Data Archive, Cologne. ZA5900 Data file Version 4.0.0, doi:10.4232/1.12661},
	url={https://dbk.gesis.org/dbksearch/sdesc2.asp?no=5900&db=e&doi=10.4232/1.12661}
}
@misc{RefWorks:doc:5b6c7b0de4b0fd36f5bb4c2a,
	author = 	 {Jorge R. Jorat and Ann Evans and Franz H ollinger and Lilia Dimova and Carleton University Survey Centre, Ottawa,Canada and Lulu Li and Carolina Segovia and Dana Hamplová and Dinka Marinović Jerolimov and Sanne Lund Clement and Christian A. Larsen and Johannes Andersen and Jørgen G. Andersen and Harri Melin and Torben Fridberg and Raimo Blom and Michel Forsé and Yannick Lemel and Christof Wolf and Alison Park and Liz Clery and Ágústa E. Bj ornsdóttir and Hrefna Guðmundsdóttir and Anne Cleary and Noah Lewin-Epstein and Toshiyuki Kobayashi and Kim Sang-Wook and Hiroko Murata and Aivars Tabuns and Algis Krupavičius and César Morones and Vanessa Ceballos and Felipe Palacios and Mauricio Moran and Kirstine Kolsrud and Knut K. Skjåk and Linda Guerrero and Marcin W. Zielinski and Ludmilla Khakhulina and Miloslav Bahna and Brina Malnar and Mitja Hafner-Fink and Niko Tos and Jare Struwig and Mónica Méndez and Natalia García-Pardo and Jonas Edlund and Dominique Joye and Marlène Sapin and Ying-hwa Chang and Ali Çarkoglu and Ersin Kalaycıoğlu and Tom W. Smith and Peter V. Marsden and Michael Hout and Roberto Briceño León and Olga Ávila and Alberto Camardiel and Yashwant Deshmukh and Tamás Kolosi and Ann Carton and Françoise Vanderkelen and Harry B. G. Ganzeboom and Jorge Vala and Alice Ramos},
	year = 	 {2016},
	title = 	 {International Social Survey Programme: Family and Changing Gender Roles IV - ISSP 2012},
	doi={10.4232/1.12661"}
}
@book{RefWorks:doc:5b6b36dde4b09b7ec442bf8b,
	author={Yihui Xie},
	year={2016},
	month={"Dec 19 "},
	title={bookdown: Authoring Books and Technical Documents with R Markdown},
	publisher={Chapman and Hall/CRC},
	url={https://bookdown.org/yihui/bookdown/}
}
@book{RefWorks:doc:5b6b346fe4b0c619b11b8a3e,
	author={Yihui Xie, J. J. Allaire, Garrett Grolemund},
	year={2018},
	month={"Jul 17 "},
	title={R Markdown: The Definitive Guide},
	publisher={Chapman and Hall/CRC},
	url={https://bookdown.org/yihui/rmarkdown/}
}
@article{RefWorks:doc:5b45eab2e4b0fb23161a7ff3,
	author={Michael Greenacre},
	year={2013},
	month={Jan 1,},
	title={Contribution Biplots},
	journal={Journal of Computational and Graphical Statistics},
	volume={22},
	number={1},
	pages={107-122},
	abstract={To interpret the biplot, it is necessary to know which points-usually variables-are the ones that are important contributors to the solution, especially when there are many variables involved. This information can be calculated separately as part of the biplot's numerical results, but this means that a table has to be consulted along with the graphical display. We propose a new scaling of the display, called the contribution biplot, which incorporates this diagnostic information directly into the display itself, showing visually the important contributors and thus facilitating the biplot interpretation and often simplifying the graphical representation considerably. The contribution biplot can be applied to a wide variety of analyses, such as correspondence analysis, principal component analysis, log-ratio analysis, and various forms of discriminant analysis, and, in fact, to any method based on dimension reduction through the singular value decomposition. In the contribution biplot, one set of points, usually the rows of a data matrix, optimally represents the spatial positions of the cases or sample units, according to an appropriate distance measure. The other set of points, usually the columns of the data matrix, is represented by vectors that are related to their contributions to the low-dimensional solution. A fringe benefit is that often only one common scale for the row and column points is needed on the principal axes, thus avoiding the problem of enlarging or contracting the scale of one set of points to make the biplot legible. Furthermore, the contribution biplot also solves the problem in correspondence analysis and log-ratio analysis of low-frequency categories that are located on the periphery of the map, giving the false impression that they are important, when they are in fact contributing minimally to the solution. This article has supplementary materials online.},
	isbn={1061-8600},
	language={English},
	url={http://www.tandfonline.com/doi/abs/10.1080/10618600.2012.702494},
	doi={10.1080/10618600.2012.702494}
}
@book{RefWorks:doc:5b156013e4b01f2c3e38676c,
	author={Tom Smith},
	year={2015},
	title={International Social Survey Programme},
	volume={12},
	pages={550-556},
	language={English}
}
@misc{RefWorks:doc:5b155e0ce4b044dfd738458f,
	author = 	 {Evi Scholz and Marleen Heller},
	title = 	 {ISSP study monitoring 2007 : report to the ISSP General Assembly on monitoring work undertaken for the ISSP},
	volume = 	 {2009/5},
	pages = 	 {100},
	abstract = 	 {Das International Social Survey Programme (ISSP) ist ein internationales, akademisches Umfrageprogramm, das seit 1985 eine jährliche Umfrage zu wechselnden sozialwissenschaftlichen Themen durchführt. Bei dem vorliegenden Beitrag handelt es sich um einen Monitoringbericht zu den ISSP-Studien in den Modulen Freizeit und Sport von 34 beteiligten Ländern. Der Bericht behandelt die folgenden Themen: (1) Details zu den beteiligten Einrichtungen und Wissenschaftlern; (2) Stichprobenziehung; (3) Feldarbeit; (4) Datenkontrolle und -aufbereitung; (5) Kontext der ISSP-Befragung und Reichweite der Fragen; (6) Details der Übersetzungsverfahren. Darüber hinaus ist auch der Monitoring-Fragebogen enthalten. (ICD)},
	language = 	 {English},
	url = 	 {http://nbn-resolving.de/urn:nbn:de:0168-ssoar-207025}
}
@article{RefWorks:doc:5b15542ee4b0e2616bc42dca,
	author={J. �rg Blasius and Victor Thiessen},
	year={2006},
	title={Assessing Data Quality and Construct Comparability in Cross-National Surveys},
	journal={European Sociological Review},
	volume={22},
	number={3},
	pages={229-242},
	abstract={This paper provides empirically-based criteria for selecting items and countries to develop measures of an underlying construct of interest that are comparable in cross-national research. Using data from the 1994 International Social Survey Program and applying multiple correspondence analysis to a set of common items in each of the 24 participating countries, we show that both the quality of the data, as well as its underlying structure - and therefore meaning - vary considerably between countries. The approach we use for screening countries and items is especially useful in situations where the psychometric properties of the items have not been well established in previous research.},
	isbn={0266-7215,14682672},
	url={http://www.jstor.org/stable/3806519}
}
@article{RefWorks:doc:5ae96b47e4b0b8f9c9b9d3b3,
	author={N. T. Higgs},
	year={1991},
	title={Practical and Innovative Uses of Correspondence Analysis},
	journal={Journal of the Royal Statistical Society.Series D (The Statistician)},
	volume={40},
	number={2},
	pages={183-194},
	abstract={Brand or perceptual maps have been used extensively in the presentation of survey data, in order to demonstrate relationships that exist in otherwise user-unfriendly data sets. Correspondence analysis has become widely used in South Africa and is gaining currency elsewhere, it having the advantage of only requiring nominally scaled data. This paper demonstrates `traditional' uses of correspondence analysis in brand mapping and a variety of simple, innovative applications allowing the inference of motivators, the determination of segmentation variables, the elicitation of trends and the establishment of scale interpoint distances. An account is presented of its use in setting up an urban-rural gradient to allow a person's level of urbanisation to be determined as a numerical score. This has become important in developing countries, as the pace of urbanisation increases. Knowledge of this gradient provides a means for people marketing different goods to divide consumers into whatever groups are appropriate for their purpose along a continuum.},
	isbn={0039-0526,14679884},
	url={http://www.jstor.org/stable/2348490},
	doi={10.2307/2348490}
}
@article{RefWorks:doc:5ae9648be4b0266e4a4513f1,
	author={J.-C. Deville and E. Malinvaud},
	year={1983},
	title={Data Analysis in Official Socio-Economic Statistics},
	journal={Journal of the Royal Statistical Society.Series A (General)},
	volume={146},
	number={4},
	pages={335-361},
	abstract={How should official statisticians use the results of data analysis to supplement their publications and data bases? Various types of analysis are reviewed, keeping in mind concern for efficiency, robustness and standardization. Particular reference is made to components and correspondence analysis, methods now commonly used in France.},
	isbn={0035-9238},
	url={http://www.jstor.org/stable/2981452},
	doi={10.2307/2981452}
}
@article{RefWorks:doc:5ae456a1e4b0f896942368bd,
	author={M. O. Hill},
	year={1974},
	title={Correspondence Analysis: A Neglected Multivariate Method},
	journal={Journal of the Royal Statistical Society.Series C (Applied Statistics)},
	volume={23},
	number={3},
	pages={340-354},
	abstract={R. A. Fisher's canonical analysis of contingency tables is shown to be applicable to incidence data as well as to contingency tables, and is accordingly designated by another author's name "correspondence analysis". In a theoretical section, the method is shown to be equivalent to a special case of Hotelling's canonical correlation analysis and also to a scale-free variant of principal components analysis. A practical example is examined, and a number of practical considerations discussed.},
	isbn={0035-9254,14679876},
	url={http://www.jstor.org/stable/2347127},
	doi={10.2307/2347127}
}
@article{RefWorks:doc:5ae43b81e4b0f8969423655f,
	author={Leo A. Goodman},
	year={1991},
	title={Measures, Models, and Graphical Displays in the Analysis of Cross-Classified Data: Rejoinder},
	journal={Journal of the American Statistical Association},
	volume={86},
	number={416},
	pages={1124-1138},
	isbn={0162-1459},
	url={http://www.jstor.org/stable/2290535},
	doi={10.2307/2290535}
}
@article{RefWorks:doc:5ae43b81e4b0f8969423655e,
	author={Shelby J. Haberman},
	year={1991},
	title={Measures, Models, and Graphical Displays in the Analysis of Cross-Classified Data: Comment},
	journal={Journal of the American Statistical Association},
	volume={86},
	number={416},
	pages={1121-1123},
	isbn={0162-1459},
	url={http://www.jstor.org/stable/2290534}
}
@article{RefWorks:doc:5ae43b81e4b0f8969423655d,
	author={D. R. Cox},
	year={1991},
	title={Measures, Models, and Graphical Displays in the Analysis of Cross-Classified Data: Comment},
	journal={Journal of the American Statistical Association},
	volume={86},
	number={416},
	pages={1121},
	isbn={0162-1459},
	url={http://www.jstor.org/stable/2290533}
}
@article{RefWorks:doc:5ae43b81e4b0f8969423655c,
	author={Clifford C. Clogg and C. R. Rao},
	year={1991},
	title={Measures, Models, and Graphical Displays in the Analysis of Cross-Classified Data: Comment},
	journal={Journal of the American Statistical Association},
	volume={86},
	number={416},
	pages={1118-1120},
	isbn={0162-1459},
	url={http://www.jstor.org/stable/2290532},
	doi={10.2307/2290532}
}
@article{RefWorks:doc:5ae43b81e4b0f8969423655b,
	author={Alain Baccini and Henri Caussinus and Antoine de Falguerolles},
	year={1991},
	title={Measures, Models, and Graphical Displays in the Analysis of Cross-Classified Data: Comment},
	journal={Journal of the American Statistical Association},
	volume={86},
	number={416},
	pages={1115-1117},
	isbn={0162-1459},
	url={http://www.jstor.org/stable/2290531},
	doi={10.2307/2290531}
}
@article{RefWorks:doc:5ae43b81e4b0f8969423655a,
	author={E. B. Andersen},
	year={1991},
	title={Measures, Models, and Graphical Displays in the Analysis of Cross-Classified Data: Comment},
	journal={Journal of the American Statistical Association},
	volume={86},
	number={416},
	pages={1111-1112},
	isbn={0162-1459},
	url={http://www.jstor.org/stable/2290529},
	doi={10.2307/2290529}
}
@article{RefWorks:doc:5ae43b81e4b0f89694236559,
	author={Leo A. Goodman},
	year={1991},
	title={Measures, Models, and Graphical Displays in the Analysis of Cross-Classified Data},
	journal={Journal of the American Statistical Association},
	volume={86},
	number={416},
	pages={1085-1111},
	isbn={0162-1459},
	url={http://www.jstor.org/stable/2290528},
	doi={10.2307/2290528}
}
@article{RefWorks:doc:5ae439b0e4b09318b71896ca,
	author={J. P. Benzecri},
	year={1991},
	title={Measures, Models, and Graphical Displays in the Analysis of Cross-Classified Data: Comment},
	journal={Journal of the American Statistical Association},
	volume={86},
	number={416},
	pages={1112-1115},
	isbn={0162-1459},
	url={http://www.jstor.org.libproxy.helsinki.fi/stable/2290530},
	doi={10.2307/2290530}
}
@book{RefWorks:doc:5ab9b68be4b0770b05a373dc,
	author={Eric J. Beh and Rosaria Lombardo},
	year={2014},
	title={Correspondence Analysis : Theory, Practice and New Strategies},
	publisher={John Wiley & Sons, Incorporated},
	address={New York},
	note={ID: 1780725},
	isbn={9781118762899},
	language={English},
	url={http://ebookcentral.proquest.com/lib/helsinki-ebooks/detail.action?docID=1780725}
}
@book{RefWorks:doc:5ab76b43e4b003f4468d1f07,
	author={Michael Greenacre and Michael Greenacre and Jörg Blasius},
	year={2006},
	title={Multiple correspondence analysis and related methods},
	publisher={Chapman & Hall/CRC},
	address={Boca Raton (FL)},
	pages={581 sivua},
	isbn={1-58488-628-5 sidottu},
	language={eng},
	url={https://helka.finna.fi/Record/helka.2018050}
}
@book{RefWorks:doc:5a857a44e4b0ed2d44664da6,
	author={Anders Wallgren and Britt Wallgren},
	year={2004},
	title={Registerstatistik : administrativa data för statistiska syften},
	publisher={Statistiska centralbyrån},
	address={Stockholm},
	pages={225 s},
	language={Finnish},
	url={http://www.scb.se/statistik/OV/OV9999/2004A01/OV9999_2004A01_BR_X101OP0402.pdf}
}
@book{RefWorks:doc:5a857a44e4b0ed2d44664da4,
	author={Kimmo Vehkalahti},
	year={2008},
	title={Kyselytutkimuksen mittarit ja menetelmät},
	publisher={Tammi},
	address={Helsinki},
	pages={223 sivua},
	isbn={978-951-26-5760-5 nidottu},
	language={Finnish},
	url={https://helka.finna.fi/Record/helka.2120450}
}
@book{RefWorks:doc:5a857a44e4b0ed2d44664da3,
	author={Antony Unwin},
	year={2015},
	title={Graphical data analysis with R},
	publisher={CRC Press, Taylor & Francis},
	address={Boca Raton},
	pages={296 sivua},
	isbn={978-1-4987-1523-2},
	language={Finnish},
	url={https://helka.finna.fi/Record/helka.2866074}
}
@article{RefWorks:doc:5a857a44e4b0ed2d44664d9f,
	author={Reijo Sund},
	year={2016},
	title={Graphical Data Analysis with R},
	journal={International Statistical Review},
	volume={84},
	number={2},
	pages={324-325},
	isbn={1751-5823},
	language={Finnish},
	url={http://dx.doi.org/10.1111/insr.12191},
	doi={10.1111/insr.12191}
}
@article{RefWorks:doc:5a857a44e4b0ed2d44664d9e,
	author={Shizuhiko Nishisato},
	year={1996},
	title={Gleaning in the field of dual scaling},
	journal={Psychometrika},
	volume={61},
	number={4},
	pages={559-599},
	note={ID: Nishisato1996},
	abstract={Some historical background and preliminary technical information are first presented, and then a number of hidden, but important, methodological aspects of dual scaling are illustrated and discussed: normed versus projected weights, the amount of information accounted for by each solution, a perfect solution to the problem of multidimensional unfolding, multidimensional quantification space, graphical display, number-of-option problems, option standardization versus item standardization, and asymmetry of symmetric (dual) scaling. Contrary to the common perception that dual scaling and similar quantification methods are now mathematically transparent, the present study demonstrates how much more needs to be clarified for routine use of the method to arrive at valid conclusions. Data analysis must be carried out in such a way that common sense, intuition and sound logic will prevail.},
	isbn={1860-0980},
	language={Finnish},
	url={https://doi.org/10.1007/BF02294038},
	doi={10.1007/BF02294038}
}
@article{RefWorks:doc:5a857a44e4b0ed2d44664d9c,
	author={Reijo Sund},
	year={2016},
	title={Graphical Data Analysis with R},
	journal={International Statistical Review},
	volume={84},
	number={2},
	pages={324-325},
	isbn={1751-5823},
	language={Finnish},
	url={http://dx.doi.org/10.1111/insr.12191},
	doi={10.1111/insr.12191}
}
@article{RefWorks:doc:5a857a44e4b0ed2d44664d99,
	author={Nina Kahma and Arho Toikka},
	year={2012},
	title={Cultural map of Finland 2007: analysing cultural differences using multiple correspondence analysis},
	journal={Cultural Trends},
	volume={21},
	number={2},
	pages={113-131},
	note={doi: 10.1080/09548963.2012.674751},
	isbn={0954-8963},
	language={Finnish},
	url={http://dx.doi.org/10.1080/09548963.2012.674751},
	doi={10.1080/09548963.2012.674751}
}
@misc{RefWorks:doc:5a857a44e4b0ed2d44664d96,
	author = 	 {Nina Kahma},
	year = 	 {2011},
	month = 	 {-09-23},
	title = 	 {Yhteiskuntaluokka ja maku},
	abstract = 	 {Thee thesis, which consists of four original articles and a summarizing chapter, discusses homology between social class and cultural taste. Cultural taste is defined as the choices made in different areas of culture (television, cinema, reading, music, visual arts, sports, dining out, and leisure pursuits). Taste choices manifest themselves as likes and dislikes but also in what a person does. Social class is observed through occupational status, level of education, income and subjective views ...},
	isbn = 	 {/-},
	language = 	 {Finnish},
	url = 	 {URN:ISBN:978-952-10-6699-3 http://hdl.handle.net/10138/27503}
}
@book{RefWorks:doc:5a857a44e4b0ed2d44664d95,
	author={Seppo Mustonen},
	year={1995},
	title={Tilastolliset monimuuttujamenetelmät},
	publisher={Survo Systems},
	address={Helsinki},
	pages={205 sivua},
	isbn={951-96634-1-X},
	language={Finnish},
	url={http://www.survo.fi/mustonen/monim.pdf}
}
@article{RefWorks:doc:5a857a44e4b0ed2d44664d93,
	author={Andrew T. Jebb and Scott Parrigon and Sang Eun Woo},
	year={2017},
	title={Exploratory data analysis as a foundation of inductive research},
	journal={Human Resource Management Review},
	volume={27},
	number={2},
	pages={265-276},
	abstract={Abstract Across academic disciplines, scientific progress is maximized when there is a balance between deductive and inductive approaches. To promote this balance in organizational science, rigorous inductive research aimed at phenomenon detection must be further encouraged. To this end, the present article discusses the logic and methods of exploratory data analysis (EDA), the mode of analysis concerned with discovery, exploration, and empirically detecting phenomena in data. We begin by first describing the historical and conceptual background of EDA. We then discuss two issues related to EDA and its relationship to scientific credibility. First, we argue that EDA fosters a replication-based science by requiring cross-validation and by emphasizing the natural uncertainty of data patterns. Second, we clarify that EDA is distinguishable from other exploratory practices that are considered scientifically questionable (e.g., “p-hacking”, “data fishing” and “data-dredging”). In the following section of the paper, we present a final argument for EDA: that it helps maximize the value of data. To illustrate this point, we present several graphical methods for detecting data patterns and provide references to further techniques for the interested reader.},
	isbn={1053-4822},
	language={Finnish},
	url={http://www.sciencedirect.com/science/article/pii/S1053482216300353},
	doi={//doi.org/10.1016/j.hrmr.2016.08.003}
}
@article{RefWorks:doc:5a857a44e4b0ed2d44664d87,
	author={Michael Greenacre and Rafael Pardo},
	year={2006},
	title={Subset Correspondence Analysis: Visualizing Relationships Among a Selected Set of Response Categories From a Questionnaire Survey},
	journal={Sociological Methods & Research},
	volume={35},
	number={2},
	pages={193-218},
	note={doi: 10.1177/0049124106290316; 06},
	abstract={This study shows how correspondence analysis may be applied to a subset of response categories from a questionnaire survey (e.g., the subset of undecided responses or the subset of responses for a particular category across several questions). The idea is to maintain the original relative frequencies of the categories and not reexpress them relative to totals within the subset, as would normally be done in a regular correspondence analysis of the subset. Furthermore, the masses and chi-square distances assigned to the subset of categories are the same as those in the correspondence analysis of the whole data set, which leads to a decomposition of total variance into parts if the whole data set is subdivided into disjoint subsets. This variant of the method, called subset correspondence analysis, is illustrated on data from the International Social Survey Programme?s Family and Changing Gender Roles survey.; This study shows how correspondence analysis may be applied to a subset of response categories from a questionnaire survey (e.g., the subset of undecided responses or the subset of responses for a particular category across several questions). The idea is to maintain the original relative frequencies of the categories and not reexpress them relative to totals within the subset, as would normally be done in a regular correspondence analysis of the subset. Furthermore, the masses and chi-square distances assigned to the subset of categories are the same as those in the correspondence analysis of the whole data set, which leads to a decomposition of total variance into parts if the whole data set is subdivided into disjoint subsets. This variant of the method, called subset correspondence analysis, is illustrated on data from the International Social Survey Programme?s Family and Changing Gender Roles survey.},
	isbn={0049-1241},
	language={Finnish},
	url={https://doi.org/10.1177/0049124106290316},
	doi={10.1177/0049124106290316}
}
@article{RefWorks:doc:5a857a44e4b0ed2d44664d84,
	author={Michael Greenacre and Trevor Hastie},
	year={1987},
	title={The Geometric Interpretation of Correspondence Analysis},
	journal={Journal of the American Statistical Association},
	volume={82},
	number={398},
	pages={437-447},
	note={doi: 10.1080/01621459.1987.10478446},
	isbn={0162-1459},
	language={Finnish},
	url={http://www.tandfonline.com.libproxy.helsinki.fi/doi/abs/10.1080/01621459.1987.10478446},
	doi={10.1080/01621459.1987.10478446}
}
@article{RefWorks:doc:5a857a43e4b0ed2d44664d82,
	author={Magne Flemmen and Johannes Hjellbrekke},
	year={2016},
	title={Response: Not so fast: a comment on Atkinson and Deeming's ‘Class and cuisine in contemporary Britain: the social space, the space of food and their homology’},
	journal={The Sociological review},
	volume={64},
	number={1},
	pages={184-193},
	abstract={In a recent paper in The Sociological Review, Atkinson and Deeming argue that tastes in food are homologous to the social space, exactly as it was in Bourdieu's Distinction. This would involve differences in food tastes not only along the class hierarchy, but also a clear-cut divide by the relative weight of cultural and economic capital. However, Atkinson and Deeming base their claims on insufficient data analysis: They misinterpret their own correspondence analysis and the additional tables, which they in turn fail to subject to even the most basic statistical analysis. We show that the results they present are actually at odds with their own interpretations and main conclusions. It is not just that Atkinson and Deeming's arguments lack support; their proposition about a culinary division between cultural and economic class fractions is contradicted by their own data.},
	isbn={1467-954X},
	language={Finnish},
	url={http://dx.doi.org/10.1111/1467-954X.12350},
	doi={10.1111/1467-954X.12350}
}
@book{RefWorks:doc:5a857a43e4b0ed2d44664d81,
	author={Michael J. Greenacre and Jörg Blasius},
	year={1998},
	title={Visualization of Categorical Data},
	publisher={Academic Press},
	address={San Diego},
	note={ID: Accession Number: 207153},
	abstract={A unique and timely monograph, Visualization of Categorical Data contains a useful balance of theoretical and practical material on this important new area. Top researchers in the field present the books four main topics: visualization, correspondence analysis, biplots and multidimensional scaling, and contingency table models. This volume discusses how surveys, which are employed in many different research areas, generate categorical data. It will be of great interest to anyone involved in collecting or analyzing categorical data.• Correspondence Analysis• Homogeneity Analysis• Loglinear and Association Models• Latent Class Analysis• Multidimensional Scaling• Cluster Analysis• Ideal Point Discriminant Analysis• CHAID• Formal Concept Analysis• Graphical Models},
	isbn={9780122990458},
	language={Finnish},
	url={http://search.ebscohost.com/login.aspx?direct=true&db=nlebk&AN=207153&site=ehost-live&scope=site}
}
@book{RefWorks:doc:5a857a43e4b0ed2d44664d7c,
	author={Michael J. Greenacre},
	year={2010},
	title={Biplots in Practice},
	publisher={Fundacion BBVA},
	address={Bilbao, Spain},
	note={Onko tämä kirja, vai monografia?},
	language={Finnish}
}
@article{RefWorks:doc:5a857a43e4b0ed2d44664d7a,
	author={Eric J. Beh},
	year={2004},
	title={Simple Correspondence Analysis: A Bibliographic Review},
	journal={International Statistical Review},
	volume={72},
	number={2},
	pages={257-284},
	abstract={Over the past few decades correspondence analysis has gained an international reputation as a powerful statistical tool for the graphical analysis of contingency tables. This popularity stems from its development and application in many European countries, especially France, and its use has spread to English speaking nations such as the United States and the United Kingdom. Its growing popularity amongst statistical practitioners, and more recently those disciplines where the role of statistics is less dominant, demonstrates the importance of the continuing research and development of the methodology. The aim of this paper is to highlight the theoretical, practical and computational issues of simple correspondence analysis and discuss its relationship with recent advances that can be used to graphically display the association in two-way categorical data.; Au cours des dernières décennies, l'analyse des correspondances a gagné une réputation internationale d'outil statistique puissant pour l'analyse graphique des tableaux de contingence. Cette popularité provient de son développement et de son application dans de nombreux pays Européens, particulièrement la France, et son utilisation s'est étendue à des pays anglophones tels que les Etats Unis et le Royaume Uni. Sa popularité croissante parmi les praticiens de la statistique, et plus récemment dans des disciplines où le rôle de la statistique est moins dominant, démontre l'importance de la recherche et du développement continuels sur la méthodologie. Le but de cet article est de souligner les aspects théoriques, pratiques et informatiques de l'analyse des correspondances simple et de discuter sa relation avec des avancées récentes qui peuvent tre utilisées pour représenter graphiquement l'association en données catégorielles à deux dimensions.},
	isbn={1751-5823},
	language={Finnish},
	url={http://dx.doi.org/10.1111/j.1751-5823.2004.tb00236.x},
	doi={10.1111/j.1751-5823.2004.tb00236.x}
}
@book{RefWorks:doc:5a857a43e4b0ed2d44664d78,
	author={Michael J. Greenacre},
	year={2017},
	title={Correspondence analysis in practice},
	publisher={CRC Press},
	address={Boca Raton, Florida},
	edition={Third edition},
	pages={310 pages)},
	isbn={9781498731782},
	language={Finnish},
	url={https://helka.finna.fi/Record/helka.3029760}
}
@book{RefWorks:doc:5a857a43e4b0ed2d44664d75,
	author={Brigitte Le Roux and Henry Rouanet},
	year={2004},
	title={Geometric data analysis: from correspondence analysis to structured data analysis},
	publisher={Kluwer Academic Publishers},
	address={Dordrecht},
	isbn={1-4020-2235-2},
	language={Finnish}
}
@article{RefWorks:doc:5a857a43e4b0ed2d44664d74,
	author={Michael Greenacre},
	year={1987},
	title={I.D.A.∗},
	journal={Journal of Applied Statistics},
	volume={14},
	number={2},
	pages={185},
	note={doi: 10.1080/02664768700000023},
	isbn={0266-4763},
	language={Finnish},
	url={http://dx.doi.org.libproxy.helsinki.fi/10.1080/02664768700000023},
	doi={10.1080/02664768700000023}
}
@article{RefWorks:doc:5a857a43e4b0ed2d44664d71,
	author={Michael Greenacre},
	year={2001},
	title={Tying Up the Loose Ends in Simple Correspondence Analysis},
	language={Finnish},
	url={https://ssrn.com/abstract=1001889;http://dx.doi.org/10.2139/ssrn.1001889}
}
@inproceedings{RefWorks:doc:5a857a43e4b0ed2d44664d6d,
	author={Michael Greenacre},
	editor={Hermann Locarek-Junge and Claus Weihs},
	year={2010},
	title={Canonical Correspondence Analysis in Social Science Research},
	booktitle={Classification as a Tool for Research},
	publisher={Springer Berlin Heidelberg},
	address={Berlin, Heidelberg},
	pages={279-286},
	note={ID: 10.1007/978-3-642-10745-0_30},
	abstract={The use of simple and multiple correspondence analysis is well established in social science research for understanding relationships between two or more categorical variables. By contrast, canonical correspondence analysis, which is a correspondence analysis with linear restrictions on the solution, has become one of the most popular multivariate techniques in ecological research. This restricted form of correspondence analysis can be used profitably in social science research as well, as is demonstrated in this paper. We first illustrate the result that canonical correspondence analysis of an indicator matrix, restricted to be related to an external categorical variable, reduces to a simple correspondence analysis of a set of concatenated (or â€œstackedâ€) tables. Then we show how canonical correspondence analysis can be used to focus on, or partial out, a particular set of response categories in sample survey data. For example, the method can be used to partial out the influence of missing responses, which usually dominate the results of a multiple correspondence analysis.},
	isbn={9783-642107450},
	language={Finnish}
}
@article{RefWorks:doc:5a857a43e4b0ed2d44664d68,
	author={Andrew Gelman},
	year={2004},
	title={Exploratory Data Analysis for Complex Models},
	journal={Journal of Computational and Graphical Statistics},
	volume={13},
	number={4},
	pages={755-779},
	note={doi: 10.1198/106186004X11435},
	isbn={1061-8600},
	language={Finnish},
	url={http://dx.doi.org/10.1198/106186004X11435},
	doi={10.1198/106186004X11435}
}
