@misc{RefWorks:doc:5bb9044fe4b0dfeb95352229,
	year = 	 {2011},
	title = 	 {ISSP 2012 - Family and Changing Gender Roles IV Basic Questionnaire},
	url = 	 {https://dbk.gesis.org/dbksearch/sdesc2.asp?no=5900&db=e&doi=10.4232/1.12661}
}
@techreport{RefWorks:doc:5bb90a06e4b06677e5e62033,
	title={Contents of ISSP 2012 module (Modified table taken from the German ISSP 2012 technical report)}
}
@article{RefWorks:doc:5ae43b81e4b0f8969423655a,
	author={E. B. Andersen},
	year={1991},
	title={Measures, Models, and Graphical Displays in the Analysis of Cross-Classified Data: Comment},
	journal={Journal of the American Statistical Association},
	volume={86},
	number={416},
	pages={1111-1112},
	isbn={0162-1459},
	url={http://www.jstor.org/stable/2290529},
	doi={10.2307/2290529}
}
@article{RefWorks:doc:5ae43b81e4b0f8969423655b,
	author={Alain Baccini and Henri Caussinus and Antoine de Falguerolles},
	year={1991},
	title={Measures, Models, and Graphical Displays in the Analysis of Cross-Classified Data: Comment},
	journal={Journal of the American Statistical Association},
	volume={86},
	number={416},
	pages={1115-1117},
	isbn={0162-1459},
	url={http://www.jstor.org/stable/2290531},
	doi={10.2307/2290531}
}
@article{RefWorks:doc:5f01c83de4b066b6f27e8ef7,
	author={Alice Barth},
	year={2016},
	title={The changing nature of attitude constructs: an application of multiple correspondence analysis on gender role attitudes},
	journal={Quality {\&} Quantity},
	volume={50},
	number={4},
	pages={1507-1523},
	note={ID: Barth2016},
	isbn={1573-7845},
	url={https://doi.org/10.1007/s11135-015-0218-9},
	doi={10.1007/s11135-015-0218-9}
}
@misc{RefWorks:doc:5c701db0e4b08a08c630cc8e,
	author = 	 {E. J. Beh and R. Lombardo},
	year = 	 {2014},
	title = 	 {Correspondence Analysis : Theory, Practice and New Strategies}
}
@article{RefWorks:doc:5a857a43e4b0ed2d44664d7a,
	author={Eric J. Beh},
	year={2004},
	title={Simple Correspondence Analysis: A Bibliographic Review},
	journal={International Statistical Review},
	volume={72},
	number={2},
	pages={257-284},
	isbn={1751-5823},
	language={English},
	url={http://dx.doi.org/10.1111/j.1751-5823.2004.tb00236.x},
	doi={10.1111/j.1751-5823.2004.tb00236.x}
}
@book{RefWorks:doc:5ab9b68be4b0770b05a373dc,
	author={Eric J. Beh and Rosaria Lombardo},
	year={2014},
	title={Correspondence Analysis : Theory, Practice and New Strategies},
	publisher={John Wiley {\&} Sons, Incorporated},
	address={New York},
	note={ID: 1780725},
	isbn={9781118762899},
	language={English},
	url={http://ebookcentral.proquest.com/lib/helsinki-ebooks/detail.action?docID=1780725}
}
@article{RefWorks:doc:5ae439b0e4b09318b71896ca,
	author={J. P. Benzecri},
	year={1991},
	title={Measures, Models, and Graphical Displays in the Analysis of Cross-Classified Data: Comment},
	journal={Journal of the American Statistical Association},
	volume={86},
	number={416},
	pages={1112-1115},
	isbn={0162-1459},
	url={http://www.jstor.org.libproxy.helsinki.fi/stable/2290530},
	doi={10.2307/2290530}
}
@article{RefWorks:doc:5b15542ee4b0e2616bc42dca,
	author={J{\"o}rg Blasius and Victor Thiessen},
	year={2006},
	title={Assessing Data Quality and Construct Comparability in Cross-National Surveys},
	journal={European Sociological Review},
	volume={22},
	number={3},
	pages={229-242},
	isbn={0266-7215,14682672},
	url={http://www.jstor.org/stable/3806519}
}
@article{RefWorks:doc:5c223412e4b0508a6674dec0,
	author={Timothy N. Bond and Kevin Lang},
	year={2018},
	title={The Sad Truth About Happiness Scales},
	journal={Journal of Political Economy},
	volume={127},
	number={4},
	pages={1629-1640},
	note={doi: 10.1086/701679; 25},
	isbn={0022-3808},
	language={English},
	url={https://doi.org/10.1086/701679},
	doi={10.1086/701679}
}
@book{RefWorks:doc:5c701d6ae4b07b770cfca5c0,
	author={Sten-Erik Clausen},
	year={2019},
	title={Applied Correspondence Analysis},
	publisher={SAGE Publications, Inc},
	address={Thousand Oaks, California},
	language={English},
	url={http://methods.sagepub.com/book/applied-correspondence-analysis},
	doi={10.4135/9781412983426}
}
@article{RefWorks:doc:5ae43b81e4b0f8969423655c,
	author={Clifford C. Clogg and C. R. Rao},
	year={1991},
	title={Measures, Models, and Graphical Displays in the Analysis of Cross-Classified Data: Comment},
	journal={Journal of the American Statistical Association},
	volume={86},
	number={416},
	pages={1118-1120},
	isbn={0162-1459},
	url={http://www.jstor.org/stable/2290532},
	doi={10.2307/2290532}
}
@article{RefWorks:doc:5ae43b81e4b0f8969423655d,
	author={D. R. Cox},
	year={1991},
	title={Measures, Models, and Graphical Displays in the Analysis of Cross-Classified Data: Comment},
	journal={Journal of the American Statistical Association},
	volume={86},
	number={416},
	pages={1121},
	isbn={0162-1459},
	url={http://www.jstor.org/stable/2290533}
}
@inproceedings{RefWorks:doc:5f01c74be4b0d3d8328c72ca,
	author={Alfonso Iodice D{\’}Enza and Michael Greenacre},
	editor={Agostino Di Ciaccio and Mauro Coli and Jose Miguel Angulo Ibanez},
	year={2012},
	month={Sets},
	title={Multiple Correspondence Analysis for the Quantification and Visualization of Large Categorical Data Sets},
	booktitle={Advanced Statistical Methods for the Analysis of Large Data-},
	publisher={Springer Berlin Heidelberg},
	address={Berlin, Heidelberg},
	pages={453-463},
	note={ID: 10.1007/978-3-642-21037-2_41},
	isbn={9783-642210372}
}
@misc{RefWorks:doc:5faaf996e4b05416e98ff547,
	author={Jan de Leeuw and Patrick Mair and Patric Groenen},
	year={2016},
	title={Multivariate Analysis with Optimal Scaling},
	url={https://bookdown.org/jandeleeuw6/gifi/}
}
@book{RefWorks:doc:5cf7c4b1e4b041cf9659d8f8,
	author={Brian Everitt and Kimmo Vehkalahti},
	year={2019},
	title={Multivariate Analysis for the Behavioral Sciences, Second Edition},
	publisher={CRC Press},
	address={Boca Raton, Florida},
	volume={Second edition},
	note={ID: Accession Number: 1987994},
	isbn={9780815385158},
	language={English},
	url={http://search.ebscohost.com/login.aspx?direct=true&db=nlebk&AN=1987994&site=ehost-live&scope=site}
}
@article{RefWorks:doc:5bd0a663e4b0c91dcf7c4be9,
	author={Emanuele Ferragina and Martin Seeleib-Kaiser},
	year={2015},
	title={Determinants of a Silent (R)evolution: Understanding the Expansion of Family Policy in Rich OECD Countries},
	journal={Social Politics: International Studies in Gender, State and Society},
	volume={22},
	number={1},
	pages={1-37},
	isbn={1072-4745},
	language={English},
	url={https://muse-jhu-edu.libproxy.helsinki.fi/article/577235},
	doi={10.1093/sp/jxu027}
}
@article{RefWorks:doc:5a857a43e4b0ed2d44664d82,
	author={Magne Flemmen and Johannes Hjellbrekke},
	year={2016},
	title={Response: Not so fast: a comment on Atkinson and Deeming's ‘Class and cuisine in contemporary Britain: the social space, the space of food and their homology’},
	journal={The Sociological review},
	volume={64},
	number={1},
	pages={184-193},
	isbn={1467-954X},
	language={English},
	url={http://dx.doi.org/10.1111/1467-954X.12350},
	doi={10.1111/1467-954X.12350}
}
@misc{RefWorks:doc:5c053d69e4b0191a580d6451,
	author = 	 {Phil Gendall and Martin von Randow},
	year = 	 {2016},
	title = 	 {International Social Survey Programme , ISSP 2012 - Family and Changing Gender Roles IV, Study Monitoring Report},
	language = 	 {English},
	url = 	 {https://dbk.gesis.org/dbksearch/sdesc2.asp?no=5900&db=e&doi=10.4232/1.12661}
}
@book{RefWorks:doc:5bb909ede4b0ccbbad57116b,
	author={Gendall,Phil ,Joye, Dominique,  Sapin, Marlène(ed.)},
	year={2015},
	title={International Social Survey Programme},
	volume={12},
	pages={550-556},
	language={English}
}
@techreport{RefWorks:doc:5bb9041be4b06677e5e61f83,
	author={ed GESIS},
	year={2016},
	title={ISSP 2012 - Family and Changing Gender Roles IV, Variable Report},
	institution={GESIS},
	isbn={2190-6742},
	language={English},
	url={https://zacat.gesis.org/webview/index.jsp?object=http://zacat.gesis.org/obj/fStudy/ZA5900},
	doi={10.4232/1.12661}
}
@article{RefWorks:doc:5ae43b81e4b0f89694236559,
	author={Leo A. Goodman},
	year={1991},
	title={Measures, Models, and Graphical Displays in the Analysis of Cross-Classified Data},
	journal={Journal of the American Statistical Association},
	volume={86},
	number={416},
	pages={1085-1111},
	isbn={0162-1459},
	url={http://www.jstor.org/stable/2290528},
	doi={10.2307/2290528}
}
@article{RefWorks:doc:5ae43b81e4b0f8969423655f,
	author={Leo A. Goodman},
	year={1991},
	title={Measures, Models, and Graphical Displays in the Analysis of Cross-Classified Data: Rejoinder},
	journal={Journal of the American Statistical Association},
	volume={86},
	number={416},
	pages={1124-1138},
	isbn={0162-1459},
	url={http://www.jstor.org/stable/2290535},
	doi={10.2307/2290535}
}
@inproceedings{RefWorks:doc:5a857a43e4b0ed2d44664d6d,
	author={Michael Greenacre},
	editor={Hermann Locarek-Junge and Claus Weihs},
	year={2010},
	title={Canonical Correspondence Analysis in Social Science Research},
	booktitle={Classification as a Tool for Research},
	publisher={Springer Berlin Heidelberg},
	address={Berlin, Heidelberg},
	pages={279-286},
	note={ID: 10.1007/978-3-642-10745-0_30},
	isbn={9783-642107450}
}
@article{RefWorks:doc:5a857a43e4b0ed2d44664d74,
	author={Michael Greenacre},
	year={1987},
	title={I.D.A.∗},
	journal={Journal of Applied Statistics},
	volume={14},
	number={2},
	pages={185},
	note={doi: 10.1080/02664768700000023},
	isbn={0266-4763},
	url={http://dx.doi.org.libproxy.helsinki.fi/10.1080/02664768700000023},
	doi={10.1080/02664768700000023}
}
@article{RefWorks:doc:5b45eab2e4b0fb23161a7ff3,
	author={Michael Greenacre},
	year={2013},
	month={Jan 1,},
	title={Contribution Biplots},
	journal={Journal of Computational and Graphical Statistics},
	volume={22},
	number={1},
	pages={107-122},
	isbn={1061-8600},
	language={English},
	url={http://www.tandfonline.com/doi/abs/10.1080/10618600.2012.702494},
	doi={10.1080/10618600.2012.702494}
}
@misc{RefWorks:doc:5b6ef091e4b0984fd9b8c0ca,
	author = 	 {Michael Greenacre},
	year = 	 {2017},
	title = 	 {Multiple Correspondence Analysis (MCA): Theory and Practice, spring 2017 (University of Helsinki )},
	note = 	 {Course material in moodle.helsinki.fi requires authentication.},
	url = 	 {https://moodle.helsinki.fi/course/search.php?search=correspondence+analysis}
}
@article{RefWorks:doc:5b6f159ce4b0bc0f31734b76,
	author={Michael Greenacre},
	year={2003},
	month={Dec 1,},
	title={Singular value decomposition of matched matrices},
	journal={Journal of Applied Statistics},
	volume={30},
	number={10},
	pages={1101-1113},
	isbn={0266-4763},
	language={English},
	url={http://www.tandfonline.com/doi/abs/10.1080/0266476032000107132},
	doi={10.1080/0266476032000107132}
}
@article{RefWorks:doc:5c600162e4b0aefa67d32e40,
	author={Michael Greenacre},
	year={2013},
	title={The contributions of rare objects in correspondence analysis},
	journal={Ecology},
	volume={94},
	number={1},
	pages={241-249}
}
@inproceedings{RefWorks:doc:5c768b09e4b02df9431e950a,
	author={Michael Greenacre},
	editor={Alfredo Rizzi and Maurizio Vichi},
	year={2006},
	title={Tying up the loose ends in simple, multiple, joint correspondence analysis},
	booktitle={Compstat 2006 - Proceedings in Computational Statistics},
	publisher={Physica-Verlag HD},
	address={Heidelberg},
	pages={163-185},
	note={ID: 10.1007/978-3-7908-1709-6_13},
	isbn={9783-790817096}
}
@book{RefWorks:doc:5a857a43e4b0ed2d44664d78,
	author={Michael J. Greenacre},
	year={2017},
	title={Correspondence analysis in practice},
	publisher={CRC Press},
	address={Boca Raton, Florida},
	edition={Third edition},
	pages={1 online resource (xvi, 310 pages)},
	isbn={9781498731782},
	language={English},
	url={https://helka.finna.fi/Record/helka.3029760}
}
@book{RefWorks:doc:5a857a43e4b0ed2d44664d7c,
	author={Michael J. Greenacre},
	year={2010},
	title={Biplots in Practice},
	publisher={Fundacion BBVA},
	address={Bilbao, Spain},
	language={English},
	url={https://www.fbbva.es/microsite/multivariate-statistics/biplots.html}
}
@book{RefWorks:doc:5f934955e4b08d20366a5bd1,
	author={Michael J. Greenacre},
	year={2018},
	title={Compositional data analysis in practice},
	publisher={CRC Press},
	address={Boca Raton, Florida},
	isbn={9781138316614},
	url={http://bvbr.bib-bvb.de:8991/F?func=service&doc_library=BVB01&local_base=BVB01&doc_number=030915862&sequence=000001&line_number=0001&func_code=DB_RECORDS&service_type=MEDIA}
}
@article{RefWorks:doc:5fb2790de4b06a0d493cd306,
	author={Michael J. Greenacre},
	year={2018},
	month={Dec 6,},
	title={The Carroll-Green-Schaffer Scaling in Correspondence Analysis: A Theoretical and Empirical Appraisal},
	journal={Journal of marketing research},
	volume={26},
	number={3},
	pages={358-365},
	isbn={1547-7193},
	language={English},
	url={https://search.datacite.org/works/10.1177/002224378902600310},
	doi={10.1177/002224378902600310}
}
@article{RefWorks:doc:5c754c6de4b0947789165cde,
	author={Michael J. Greenacre},
	year={1989},
	title={The Carroll-Green-Schaffer Scaling in Correspondence Analysis: A Theoretical and Empirical Appraisal},
	journal={Journal of Marketing Research},
	volume={26},
	number={3},
	pages={358-365},
	note={doi: 10.1177/002224378902600310; 26},
	isbn={0022-2437},
	url={https://doi.org/10.1177/002224378902600310},
	doi={10.1177/002224378902600310}
}
@book{RefWorks:doc:5a857a43e4b0ed2d44664d81,
	author={Michael J. Greenacre and J{\"o}rg Blasius},
	year={1998},
	title={Visualization of Categorical Data},
	publisher={Academic Press},
	address={San Diego},
	note={ID: Accession Number: 207153},
	isbn={9780122990458},
	language={English},
	url={http://search.ebscohost.com/login.aspx?direct=true&db=nlebk&AN=207153&site=ehost-live&scope=site}
}
@book{RefWorks:doc:5b8175eee4b08da192f99a35,
	author={Michael Greenacre and Raul Primicerio},
	year={2013},
	title={Multivariate Analysis of Ecological Data},
	publisher={Fundacion BBVA},
	address={Bilbao},
	isbn={978-84-92937-50-99},
	url={https://www.fbbva.es/microsite/multivariate-statistics/maed.html}
}
@book{RefWorks:doc:5ab76b43e4b003f4468d1f07,
	author={Michael Greenacre and J{\"o}rg Blasius},
	year={2006},
	title={Multiple correspondence analysis and related methods},
	publisher={Chapman and Hall/CRC},
	address={Boca Raton (FL)},
	pages={581 sivua},
	isbn={1-58488-628-5 sidottu},
	language={English},
	url={https://helka.finna.fi/Record/helka.2018050}
}
@article{RefWorks:doc:5a857a44e4b0ed2d44664d84,
	author={Michael Greenacre and Trevor Hastie},
	year={1987},
	title={The Geometric Interpretation of Correspondence Analysis},
	journal={Journal of the American Statistical Association},
	volume={82},
	number={398},
	pages={437-447},
	note={doi: 10.1080/01621459.1987.10478446},
	isbn={0162-1459},
	language={English},
	url={http://www.tandfonline.com.libproxy.helsinki.fi/doi/abs/10.1080/01621459.1987.10478446},
	doi={10.1080/01621459.1987.10478446}
}
@article{RefWorks:doc:5bf25da3e4b0b7882dc46825,
	author={Michael Greenacre and Paul Lewi},
	year={2009},
	title={Distributional Equivalence and Subcompositional Coherence in the Analysis of Compositional Data, Contingency Tables and Ratio-Scale Measurements},
	journal={Journal of Classification},
	volume={26},
	number={1},
	pages={29-54},
	isbn={0176-4268},
	language={English},
	url={https://search.proquest.com/docview/230187478},
	doi={10.1007/s00357-009-9027-y}
}
@article{RefWorks:doc:5a857a44e4b0ed2d44664d87,
	author={Michael Greenacre and Rafael Pardo},
	year={2006},
	title={Subset Correspondence Analysis: Visualizing Relationships Among a Selected Set of Response Categories From a Questionnaire Survey},
	journal={Sociological Methods {\&} Research},
	volume={35},
	number={2},
	pages={193-218},
	note={doi: 10.1177/0049124106290316; 06},
	isbn={0049-1241},
	language={English},
	url={https://doi.org/10.1177/0049124106290316},
	doi={10.1177/0049124106290316}
}
@article{RefWorks:doc:5ae43b81e4b0f8969423655e,
	author={Shelby J. Haberman},
	year={1991},
	title={Measures, Models, and Graphical Displays in the Analysis of Cross-Classified Data: Comment},
	journal={Journal of the American Statistical Association},
	volume={86},
	number={416},
	pages={1121-1123},
	isbn={0162-1459},
	url={http://www.jstor.org/stable/2290534}
}
@misc{RefWorks:doc:5b97c695e4b049ee1d5e889c,
	author = 	 {Heineck and Guido},
	year = 	 {2004},
	title = 	 {Religion, attitudes towards working mothers and wives' full-time employment: evidence for Austria, Germany, Italy, the UK, and the USA},
	journal = 	 {Working Paper / {\"O}sterreichisches Institut f{\"u}r Familienforschung, 39). Wien: {\"O}sterreichisches Institut f{\"u}r Familienforschung an der Universit{\"a}t Wien},
	url = 	 {http://nbn-resolving.de/urn:nbn:de:0168- ssoar-357906}
}
@article{RefWorks:doc:5ae96b47e4b0b8f9c9b9d3b3,
	author={N. T. Higgs},
	year={1991},
	title={Practical and Innovative Uses of Correspondence Analysis},
	journal={Journal of the Royal Statistical Society.Series D (The Statistician)},
	volume={40},
	number={2},
	pages={183-194},
	isbn={0039-0526,14679884},
	url={http://www.jstor.org/stable/2348490},
	doi={10.2307/2348490}
}
@article{RefWorks:doc:5ae456a1e4b0f896942368bd,
	author={M. O. Hill},
	year={1974},
	title={Correspondence Analysis: A Neglected Multivariate Method},
	journal={Journal of the Royal Statistical Society.Series C (Applied Statistics)},
	volume={23},
	number={3},
	pages={340-354},
	abstract={R. A. Fisher's canonical analysis of contingency tables is shown to be applicable to incidence data as well as to contingency tables, and is accordingly designated by another author's name "correspondence analysis". In a theoretical section, the method is shown to be equivalent to a special case of Hotelling's canonical correlation analysis and also to a scale-free variant of principal components analysis. A practical example is examined, and a number of practical considerations discussed.},
	isbn={0035-9254,14679876},
	url={http://www.jstor.org/stable/2347127},
	doi={10.2307/2347127}
}
@misc{RefWorks:doc:5b6c7f6ce4b0e4e15164ab1a,
	author={ISSP},
	year={2016},
	title={ZA5900: International Social Survey Programme: Family and Changing Gender Roles IV - ISSP 2012 - data ja dokumentaatio (selattava versio)},
	volume={2020},
	number={8.11.},
	url={https://zacat.gesis.org/webview/index.jsp?object=http://zacat.gesis.org/obj/fStudy/ZA5900}
}
@misc{RefWorks:doc:5b6c7b0de4b0fd36f5bb4c2a,
	author = 	 {ISSP Research Group (2016)},
	year = 	 {2016},
	title = 	 {International Social Survey Programme: Family and Changing Gender Roles IV - ISSP 2012},
	url = 	 {https://search.gesis.org/research_data/ZA5900},
	doi={10.4232/1.12661}
}
@misc{RefWorks:doc:5b6c7debe4b0e4e15164ab00,
	author = 	 {ISSP Research Group (2016)},
	year = 	 {2016},
	title = 	 {ZA5900: International Social Survey Programme: Family and Changing Gender Roles IV - ISSP 2012},
	journal = 	 {https://dbk.gesis.org/dbksearch/sdesc2.asp?no=5900&db=e&doi=10.4232/1.12661},
	note = 	 {ISSP Research Group (2016): International Social Survey Programme: Family and Changing Gender Roles IV - ISSP 2012. GESIS Data Archive, Cologne. ZA5900 Data file Version 4.0.0, doi:10.4232/1.12661},
	url = 	 {https://dbk.gesis.org/dbksearch/sdesc2.asp?no=5900&db=e&doi=10.4232/1.12661}
}
@article{RefWorks:doc:5ae9648be4b0266e4a4513f1,
	author={J.-C. Deville and E. Malinvaud},
	year={1983},
	title={Data Analysis in Official Socio-Economic Statistics},
	journal={Journal of the Royal Statistical Society.Series A (General)},
	volume={146},
	number={4},
	pages={335-361},
	isbn={0035-9238},
	url={http://www.jstor.org/stable/2981452},
	doi={10.2307/2981452}
}
@misc{RefWorks:doc:5a857a44e4b0ed2d44664d96,
	author = 	 {Nina Kahma},
	year = 	 {2011},
	month = 	 {-09-23},
	title = 	 {Yhteiskuntaluokka ja maku},
	isbn = 	 {/-},
	language = 	 {Finnish},
	url = 	 {URN:ISBN:978-952-10-6699-3 http://hdl.handle.net/10138/27503}
}
@article{RefWorks:doc:5a857a44e4b0ed2d44664d99,
	author={Nina Kahma and Arho Toikka},
	year={2012},
	title={Cultural map of Finland 2007: analysing cultural differences using multiple correspondence analysis},
	journal={Cultural Trends},
	volume={21},
	number={2},
	pages={113-131},
	note={doi: 10.1080/09548963.2012.674751},
	isbn={0954-8963},
	language={English},
	url={http://dx.doi.org/10.1080/09548963.2012.674751},
	doi={10.1080/09548963.2012.674751}
}
@book{RefWorks:doc:5a857a43e4b0ed2d44664d75,
	author={Brigitte LeRoux and Henry Rouanet},
	year={2004},
	title={Geometric data analysis: from correspondence analysis to structured data analysis},
	publisher={Kluwer Academic Publishers},
	address={Dordrecht},
	isbn={1-4020-2235-2},
	language={English}
}
@misc{RefWorks:doc:5c6fefeee4b02dd985833c37,
	author = 	 {Brigitte LeRoux and Henry Rouanet},
	year = 	 {2019},
	title = 	 {Multiple Correspondence Analysis},
	url = 	 {http://methods.sagepub.com/book/multiple-correspondence-analysis},
	doi={10.4135/9781412993906}
}
@article{RefWorks:doc:5bb90e85e4b06f011d949b01,
	author={Jan Leeuw},
	year={2005},
	month={Sep 8,},
	title={Correspondence Analysis and Data Coding with Java and R},
	journal={Journal of Statistical Software},
	volume={14},
	number={1},
	pages={1-2},
	abstract={Abstracts not available for BookReviews},
	isbn={1548-7660},
	language={English},
	url={https://www.openaire.eu/search/publication?articleId=dedup_wf_001::9f3910e64550ecb75fa3375a4f642267},
	doi={10.18637/jss.v014.b05}
}
@article{RefWorks:doc:5c3759c2e4b0085b307c82b5,
	author={Amelia McNamara and Nicholas J. Horton},
	year={2018},
	month={Jan 2,},
	title={Wrangling Categorical Data in R},
	journal={The American Statistician},
	volume={72},
	number={1},
	pages={97-104},
	isbn={0003-1305},
	language={English},
	doi={10.1080/00031305.2017.1356375}
}
@book{RefWorks:doc:5a857a44e4b0ed2d44664d95,
	author={Seppo Mustonen},
	year={1995},
	title={Tilastolliset monimuuttujamenetelmät},
	publisher={Survo Systems},
	address={Helsinki},
	pages={205 sivua},
	isbn={951-96634-1-X},
	language={Finnish},
	url={http://www.survo.fi/mustonen/monim.pdf}
}
@article{RefWorks:doc:5a857a44e4b0ed2d44664d9e,
	author={Shizuhiko Nishisato},
	year={1996},
	title={Gleaning in the field of dual scaling},
	journal={Psychometrika},
	volume={61},
	number={4},
	pages={559-599},
	note={ID: Nishisato1996},
	isbn={1860-0980},
	language={English},
	url={https://doi.org/10.1007/BF02294038},
	doi={10.1007/BF02294038}
}
@misc{RefWorks:doc:5f9439fde4b04741789a2187,
	author = 	 {Evi Scholz and Regina Jutz and Jonas Edlund and Ida {\"O}un and Michael Braun},
	year = 	 {2014},
	month = 	 {Jan 1,},
	title = 	 {ISSP 2012 Family and Changing Gender Roles IV: Questionnaire Development},
	language = 	 {English},
	url = 	 {https://explore.openaire.eu/search/publication?articleId=od______1272::0a6c70387bf644137af3cb2bc69b0df6}
}
@misc{RefWorks:doc:5c0543a5e4b077eba1dc3cd8,
	author = 	 {Tom W. Smith},
	year = 	 {2015},
	title = 	 {International Social Survey Programme},
	journal = 	 {International Encyclopedia of the Social {\&} Behavioral Sciences (Second Edition)},
	pages = 	 {550-556},
	note = 	 {ID: 312634},
	isbn = 	 {9780-080970875},
	url = 	 {http://www.sciencedirect.com.libproxy.helsinki.fi/science/article/pii/B9780080970868440808},
	doi={//doi-org.libproxy.helsinki.fi/10.1016/B978-0-08-097086-8.44080-8}
}
@article{RefWorks:doc:5a857a44e4b0ed2d44664d9f,
	author={Reijo Sund},
	year={2016},
	title={Graphical Data Analysis with R},
	journal={International Statistical Review},
	volume={84},
	number={2},
	pages={324-325},
	isbn={1751-5823},
	language={English},
	url={http://dx.doi.org/10.1111/insr.12191},
	doi={10.1111/insr.12191}
}
@techreport{RefWorks:doc:5bb90a0ae4b018435936a488,
	author={Tilastokeskus},
	year={2012},
	title={ISSP 2012 - Family and Changing Gender Roles IV Questionnaire (Finnish)},
	institution={Tilastokeskus},
	url={https://zacat.gesis.org/webview/index.jsp?object=http://zacat.gesis.org/obj/fStudy/ZA5900}
}
@book{RefWorks:doc:5a857a44e4b0ed2d44664da3,
	author={Antony Unwin},
	year={2015},
	title={Graphical data analysis with R},
	publisher={CRC Press, Taylor and Francis},
	address={Boca Raton},
	pages={xiii, 296 sivua},
	isbn={978-1-4987-1523-2},
	language={English},
	url={https://helka.finna.fi/Record/helka.2866074}
}
@book{RefWorks:doc:5a857a44e4b0ed2d44664da4,
	author={Kimmo Vehkalahti},
	year={2008},
	title={Kyselytutkimuksen mittarit ja menetelm{\"a}t},
	publisher={Tammi},
	address={Helsinki},
	pages={223 sivua},
	isbn={978-951-26-5760-5 nidottu},
	language={Finnish},
	url={https://helka.finna.fi/Record/helka.2120450}
}
@article{RefWorks:doc:5bd08fb6e4b05c5447c9a9f9,
	author={Jessica Walter},
	year={2018},
	title={The adequacy of measures of gender roles attitudes: a review of current measures in omnibus surveys},
	journal={Quality {\&} Quantity},
	volume={52},
	number={2},
	pages={829-848},
	isbn={0033-5177},
	language={English},
	url={https://www.ncbi.nlm.nih.gov/pubmed/29568133},
	doi={10.1007/s11135-017-0491-x},
	pmid={29568133}
}
@book{RefWorks:doc:5b6b36dde4b09b7ec442bf8b,
	author={Yihui Xie},
	year={2016},
	month={"Dec 19 "},
	title={bookdown: Authoring Books and Technical Documents with R Markdown},
	publisher={Chapman and Hall/CRC},
	url={https://bookdown.org/yihui/bookdown/}
}
@book{RefWorks:doc:5b6b346fe4b0c619b11b8a3e,
	author={Yihui Xie, J. J. Allaire, Garrett Grolemund},
	year={2018},
	month={"Jul 17 "},
	title={R Markdown: The Definitive Guide},
	publisher={Chapman and Hall/CRC},
	url={https://bookdown.org/yihui/rmarkdown/}
}
